/Users/jriely/cvs/seqcomp/paper/bib.bib